<?xml version="1.0" encoding="UTF-8"?><record xmlns="http://www.loc.gov/MARC21/slim" xmlns:cinclude="http://apache.org/cocoon/include/1.0" xmlns:zs="http://www.loc.gov/zing/srw/">
  <leader>00817cz  a2200205n  4500</leader>
  <controlfield tag="001">n  78007111 </controlfield>
  <controlfield tag="003">DLC</controlfield>
  <controlfield tag="005">20130313075847.0</controlfield>
  <controlfield tag="008">780221n| abannaabn          |a aaa      </controlfield>
  <datafield tag="010" ind1=" " ind2=" ">
    <subfield code="a">n  78007111 </subfield>
  </datafield>
  <datafield tag="035" ind1=" " ind2=" ">
    <subfield code="a">(OCoLC)oca00143637</subfield>
  </datafield>
  <datafield tag="040" ind1=" " ind2=" ">
    <subfield code="a">DLC</subfield>
    <subfield code="b">eng</subfield>
    <subfield code="c">DLC</subfield>
    <subfield code="d">OCoLC</subfield>
    <subfield code="d">DLC</subfield>
  </datafield>
  <datafield tag="046" ind1=" " ind2=" ">
    <subfield code="f">1859</subfield>
  </datafield>
  <datafield tag="100" ind1="1" ind2=" ">
    <subfield code="a">Latenay, Gaston de,</subfield>
    <subfield code="d">1859-</subfield>
  </datafield>
  <datafield tag="400" ind1="1" ind2=" ">
    <subfield code="w">nnea</subfield>
    <subfield code="a">Latenay, Gaston de,</subfield>
    <subfield code="d">b. 1859</subfield>
  </datafield>
  <datafield tag="667" ind1=" " ind2=" ">
    <subfield code="a">THIS 1XX FIELD CANNOT BE USED UNDER RDA UNTIL THIS RECORD HAS BEEN REVIEWED AND/OR UPDATED</subfield>
  </datafield>
  <datafield tag="670" ind1=" " ind2=" ">
    <subfield code="a">Homerus. Nausikaa, 1899 (a.e.)</subfield>
    <subfield code="b">(Gaston de Latenay)</subfield>
  </datafield>
  <datafield tag="670" ind1=" " ind2=" ">
    <subfield code="a">Thieme-Becker</subfield>
    <subfield code="b">(Latenay, Gaston de; birth date given as death date, d. ca. 1860)</subfield>
  </datafield>
  <datafield tag="670" ind1=" " ind2=" ">
    <subfield code="a">Be휍혖ne휍혖zit</subfield>
    <subfield code="b">(Latenay, Gaston de; mort [sic] en avril 1859)</subfield>
  </datafield>
  <datafield tag="670" ind1=" " ind2=" ">
    <subfield code="a">N. Y. Pub. Lib. Dict. cat. of the Prints Div., 1975</subfield>
    <subfield code="b">(Latenay, Gaston de, 1859-  )</subfield>
  </datafield>
</record>